<?xml version="1.0" encoding="UTF-8"?><collection xmlns="http://www.loc.gov/MARC21/slim"><record><leader>00439nam--2200169-i-4500</leader><controlfield tag="001">000020057</controlfield><controlfield tag="002">20161230</controlfield><controlfield tag="005">20170103001012</controlfield><controlfield tag="008">060222s1000------------r-----000-0-eng-d</controlfield><datafield ind1=" " ind2=" " tag="080"><subfield code="a">621.372</subfield></datafield><datafield ind1=" " ind2=" " tag="100"><subfield code="a">Constantin, Ion</subfield></datafield><datafield ind1=" " ind2=" " tag="245"><subfield code="a">Metode de aproximare in analiza circuitelor electronice</subfield></datafield><datafield ind1=" " ind2=" " tag="260"><subfield code="a">Bucuresti</subfield><subfield code="b">Editura Tehnica</subfield><subfield code="c">1982</subfield></datafield><datafield ind1=" " ind2=" " tag="300"><subfield code="a">367 p</subfield></datafield><datafield ind1=" " ind2=" " tag="700"><subfield code="a">Savescu, Mugur</subfield></datafield><datafield ind1=" " ind2=" " tag="852"><subfield code="a">70387</subfield></datafield><datafield ind1=" " ind2=" " tag="CAT"><subfield code="a">SYS</subfield><subfield code="c">20170103</subfield><subfield code="h">001012</subfield></datafield></record></collection>